
@misc {Amsons,
    author = "Amsons Technologies",
    title  = "Oxygen Generator PSA",
    month  = "out",
    year   = "2017",
    urlaccessdate = {11 jan. 2021},
    howpublished ="\url{http://www.amsonstech.com/oxygen-generator-psa.html}"
}

@misc {criogenica,
    author = "LUCAS DE MEDEIROS DALPIAZ",
    title  = "Análise do fornecimento dos produtos da destilação criogênica do ar",
    month  = "dez",
    year   = "2010",
    urlaccessdate = {12 jan. 2021},
    howpublished ="\url{https://www.lume.ufrgs.br/bitstream/handle/10183/35197/000792981.pdf}"
}

